@misc{nasa,
    title = {Toxinc algae bloom in {L}ale {E}rie},   howpublished="\url{https://earthobservatory.nasa.gov/images/76127/toxic-algae-bloom-in-lake-erie}",
	author = "NASA",
	month = "February",
	year = 2023	
}

@article{article,
author = {Siddiqui, Muhammad and Zaidi, Arjumand and Abdullah, Muhammad},
year = {2019},
month = {06},
pages = {1434},
title = {Performance Evaluation of Newly Proposed Seaweed Enhancing Index (SEI)},
volume = {11},
journal = {Remote Sensing},
doi = {10.3390/rs11121434}
}

@misc{veg_index,
    title = {Vegetation indices {DVI} and {NDVI}},    howpublished="\url{https://bestdroneconsulting.com/support/knowledge-base/97-vegetation-indices-ndvi-and-dvi.html}",
	author = " Joe Zamudio",
	month = "February",
	year = 2023	
}

@inproceedings{inproceedings,
author = {Alawadi, Fahad},
year = {2010},
month = {10},
pages = {},
title = {Detection of surface algal blooms using the newly developed algorithm surface algal bloom index (SABI)},
volume = {7825},
journal = {Proceedings of SPIE - The International Society for Optical Engineering},
doi = {10.1117/12.862096}
}

@misc{chlorophyll,
    title = {Chlorophyll {I}ndex},    howpublished="\url{https://www.indexdatabase.de/db/i-single.php?id=128}",
	author = {Indices database},
	month = "February",
	year = 2023	
}